@book{The_jet_engine,
  title={The jet engine},
  year={1992},
  author={Rolls-Royce},
  editor={Rolls-Royce plc}}
@book{adams1995hitchhiker,
  title={The Hitchhiker's Guide to the Galaxy},
  author={Adams, D.},
  isbn={9781417642595},
  url={http://books.google.com/books?id=W-xMPgAACAAJ},
  year={1995},
  publisher={San Val}}
@book{NASA_Methodology,
  title={Comparative Study of Impedance Eduction Methods, Part 2: NASA Tests and Methodology},
  author={M.G. Jones, W.R. Watsony, B.M. Howertonz},
  year={2013},
  publisher={Technische Universität Berlin}}
@book{Noise_in_Europe,
  title={Noise in Europe},
  year={2014},
  author={EEA (European Environment Agency)},
  editor={EEA}}
 @book{Zhou_thesis,
  title={Acoustic characterization of orifices and perforated liners with flow and high-level acoustic excitation },
  author={Zhou, L.},
  year={2015},
  editor={KTH}}
 @book{An_Introduction_to_Acoustics,
  title={An Introduction to Acoustics},
  author={Rienstra, S. and Hirschberg, A.},
  year={2016},
  editor={Eindhoven University of Technology},}
 @book{Luck_thesis,
  title={Assessing precision and accuracy in acoustic scattering matrix measurements},
  author={Peerlings, L.},
  year={2017},
  editor={KTH}}
 @book{Pierce,
  title={Acoustics: an introduction to its physical principles and application},
  author={Pierce, D.},
  year={1994},
  editor={Acoustical Society of America}}
 @book{Myers,
  title={On the acoustic boundary condition in the presence of flow},
  author={Myers, M.K.},
  year={1980},
  editor={The journal of the Acoustical Society of America}}
 @book{Ingard,
  title={Influence of fluid motion past a plane boundary on sound reflection, absorption, and transmission},
  author={Ingard},
  year={1959},
  editor={The journal of the Acoustical Society of America}}
 @book{Kabral_thesis,
  title={Turbocharger aeroacoustics and optimal damping of sound},
  author={Kabral, R.},
  year={2017},
  editor={KTH}}
 @book{Absorption_Coefficients_and_Impedance,
  title={Absorption Coefficients and Impedance},
  author={Russel, A.},
  year={2015},
  editor={Kettering University}}
 @book{Boden_method,
  title={An Inverse Analytical Method for Extracting Liner Impedance from Pressure Measurements},
  author={Elnady, T. and Bodén, H.},
  year={2008},
  editor={Kettering University}}
 @book{ModematchM,
  title={Validation of an Inverse Semi-Analytical Technique to Educe Liner Impedance},
  author={Elnady, T. and Bodén, H.},
  year={2009},
  editor={AIAA Journal}}
 @book{Boden_2micros,
  title={Influence of errors on the two-microphone method
for measuring acoustic properties in ducts},
  author={Bodén, H. and Åbom, M.},
  year={1984},
  editor={Journal of the Acoustical Society of America }}